@article{Polzin2018,
   author = {Thomas Polzin},
   institution = {University of Lübeck},
   title = {Large Deformation Diffeomorphic Metric Mappings – Theory, Numerics, and Applications},
   year = {2018},
}
@article{Zhang2019,
   author = {Miaomiao Zhang and P. Thomas Fletcher},
   doi = {10.1007/S11263-018-1099-X/FIGURES/9},
   issn = {15731405},
   issue = {1},
   journal = {International Journal of Computer Vision},
   keywords = {Diffeomorphic image registration,Fourier-approximated Lie algebras,Geodesic shooting},
   month = {1},
   pages = {61-73},
   publisher = {Springer New York LLC},
   title = {Fast Diffeomorphic Image Registration via Fourier-Approximated Lie Algebras},
   volume = {127},
   url = {https://link.springer.com/article/10.1007/s11263-018-1099-x},
   year = {2019},
}
@article{Hernandez2008,
   author = {Monica Hernandez and Salvador Olmos},
   doi = {10.1109/ISBI.2008.4541188},
   isbn = {9781424420032},
   journal = {2008 5th IEEE International Symposium on Biomedical Imaging: From Nano to Macro, Proceedings, ISBI},
   keywords = {Diffeomorphic registration,Gauss-Newton,Hilbert spaces,Optimization methods},
   pages = {1083-1086},
   title = {Gauss-Newton optimization in diffeomorphic registration},
   year = {2008},
}
@article{Hart2010,
   author = {Gabriel L. Hart and Christopher Zach and Marc Niethammer},
   doi = {10.1109/CVPRW.2009.5204344},
   month = {3},
   pages = {9-16},
   publisher = {Institute of Electrical and Electronics Engineers (IEEE)},
   title = {An optimal control approach for deformable registration},
   year = {2010},
}
@article{Mang2016,
   
   author = {Andreas Mang and George Biros},
   doi = {10.1137/15M1010919},
   issn = {19364954},
   issue = {3},
   journal = {https://doi.org/10.1137/15M1010919},
   
   month = {8},
   
   pages = {1154-1194},
   publisher = {Society for Industrial and Applied Mathematics},
   title = {Constrained $H^1$-Regularization Schemes for Diffeomorphic Image Registration},
   volume = {9},
   url = {https://epubs.siam.org/doi/10.1137/15M1010919},
   year = {2016},
}
@article{Knoll2004,
   
   author = {D. A. Knoll and David E. Keyes},
   doi = {10.1016/J.JCP.2003.08.010},
   issn = {0021-9991},
   issue = {2},
   journal = {Journal of Computational Physics},
   month = {1},
   pages = {357-397},
   publisher = {Academic Press},
   title = {Jacobian-free Newton–Krylov methods: a survey of approaches and applications},
   volume = {193},
   year = {2004},
}
@misc{Venkatakrishnam1995,
   
   author = {V. Venkatakrishnam},
   
   title = {Implicit schemes and parallel computing in unstructured grid CFD},
   year = {1995},
}
@article{Younes2010,
   author = {Laurent Younes},
   city = {Berlin, Heidelberg},
   doi = {10.1007/978-3-642-12055-8},
   isbn = {978-3-642-12054-1},
   publisher = {Springer Berlin Heidelberg},
   title = {Shapes and Diffeomorphisms},
   volume = {171},
   url = {https://link.springer.com/10.1007/978-3-642-12055-8},
   year = {2010},
}
@article{Gunther2011,
   
   author = {Andreas Günther and Hans Lamecker and Martin Weiser},
   month = {9},
   
   pages = {1-14},
   title = {Direct LDDMM of Discrete Currents with Adaptive Finite Elements},
   url = {https://inria.hal.science/inria-00623815 https://inria.hal.science/inria-00623815/document},
   year = {2011},
}
@article{Bruveris2015,
   
   author = {Martins Bruveris and Darryl D. Holm},
   doi = {10.1007/978-1-4939-2441-7_2},
   issn = {10695265},
   journal = {Fields Institute Communications},
   month = {6},
   pages = {19-56},
   publisher = {Springer New York LLC},
   title = {Geometry of image registration: the diffeomorphism group and momentum maps},
   volume = {73},
   url = {https://arxiv.org/abs/1306.6854v2},
   year = {2015},
}
@article{Modin2018,
   
   author = {Klas Modin and Adrian Nachman and Luca Rondi},
   doi = {10.1016/j.aim.2019.02.014},
   journal = {Advances in Mathematics},
   
   month = {3},
   pages = {1009-1066},
   publisher = {Academic Press Inc.},
   title = {A Multiscale Theory for Image Registration and Nonlinear Inverse Problems},
   volume = {346},
   url = {http://arxiv.org/abs/1803.01790 http://dx.doi.org/10.1016/j.aim.2019.02.014},
   year = {2018},
}
@article{Balehowsky2023,
   
   author = {Tracey Balehowsky and Carl Joar Karlsson and Klas Modin},
   doi = {10.1088/1361-6544/ACA73C},
   issn = {13616544},
   issue = {2},
   journal = {Nonlinearity},
   
   month = {2},
   
   pages = {862-877},
   publisher = {Institute of Physics},
   title = {Shape analysis via gradient flows on diffeomorphism groups},
   volume = {36},
   year = {2023},
}
@misc{Trouvé1995,
   author = {Alain Trouvé},
   institution = {Ecole Normal Supérieur},
   title = {An Infinite Dimensional Group Approach for Physics based Models in Pattern Recognition},
   url = {https://www.researchgate.net/publication/245344304},
   year = {1995},
}
@article{Trouvé1998,
   
   author = {Alain Trouvé},
   doi = {10.1023/A:1008001603737/METRICS},
   issn = {09205691},
   issue = {3},
   journal = {International Journal of Computer Vision},
   
   pages = {213-221},
   publisher = {Springer Netherlands},
   title = {Diffeomorphisms Groups and Pattern Matching in Image Analysis},
   volume = {28},
   url = {https://link.springer.com/article/10.1023/A:1008001603737},
   year = {1998},
}
@article{Cucchiara2023,
   
   author = {Simona Cucchiara and Angelo Iollo and Tommaso Taddei and Haysam Telib},
   
   month = {10},
   title = {Model order reduction by convex displacement interpolation},
   url = {https://arxiv.org/abs/2310.04290v1},
   year = {2023},
}
@article{Barral2024,
   
   author = {Nicolas Barral and Tommaso Taddei and Ishak Tifouti},
   doi = {10.1016/J.JCP.2023.112727},
   issn = {0021-9991},
   journal = {Journal of Computational Physics},
   
   month = {2},
   pages = {112727},
   publisher = {Academic Press},
   title = {Registration-based model reduction of parameterized PDEs with spatio-parameter adaptivity},
   volume = {499},
   year = {2024},
}
@article{Fletcher2005,
   
   author = {Roger Fletcher},
   doi = {10.1007/0-387-24255-4_10},
   isbn = {978-0-387-24255-2},
   journal = {Optimization and Control with Applications},
   
   month = {7},
   pages = {235-256},
   publisher = {Springer, Boston, MA},
   title = {On the Barzilai-Borwein Method},
   url = {https://link.springer.com/chapter/10.1007/0-387-24255-4_10},
   year = {2005},
}
@article{Barzilai1988,
   
   author = {Jonathan Barzilai and Jonathan M. Borwein},
   doi = {10.1093/IMANUM/8.1.141},
   isbn = {5153025020},
   issn = {0272-4979},
   issue = {1},
   journal = {IMA Journal of Numerical Analysis},
   month = {1},
   pages = {141-148},
   publisher = {Oxford Academic},
   title = {Two-Point Step Size Gradient Methods},
   volume = {8},
   url = {https://dx.doi.org/10.1093/imanum/8.1.141},
   year = {1988},
}
@article{Ashburner2007,
   
   author = {John Ashburner},
   doi = {10.1016/J.NEUROIMAGE.2007.07.007},
   issn = {1053-8119},
   issue = {1},
   journal = {NeuroImage},
   month = {10},
   pages = {95-113},
   pmid = {17761438},
   publisher = {Academic Press},
   title = {A fast diffeomorphic image registration algorithm},
   volume = {38},
   year = {2007},
}
@article{Ashburner2007,
   
   author = {John Ashburner},
   doi = {10.1016/J.NEUROIMAGE.2007.07.007},
   issn = {1053-8119},
   issue = {1},
   journal = {NeuroImage},
   month = {10},
   pages = {95-113},
   pmid = {17761438},
   publisher = {Academic Press},
   title = {A fast diffeomorphic image registration algorithm},
   volume = {38},
   year = {2007},
}
@article{Kowalewski2018,
   author = {Rosa Kowalewski},
   title = {Indirect Image Registration: Geodesic Shooting for LDDMM and Deep Learning Approaches},
   year = {2018},
}
@article{Contino2020,
   
   author = {Maximiliano Contino and Guillermina Fongi and Alejandra Maestripieri and Santiago Muro},
   doi = {10.1088/1361-6420/abe3dd},
   issue = {4},
   journal = {Inverse Problems},
   
   month = {11},
   pages = {46-51},
   publisher = {IOP Publishing Ltd},
   title = {Total least squares problems on infinite dimensional spaces},
   volume = {37},
   url = {http://arxiv.org/abs/2011.09498 http://dx.doi.org/10.1088/1361-6420/abe3dd},
   year = {2020},
}
@misc{Freund1995,
   author = {J. Freund and R. Stenberg},
   
   pages = {327-336},
   publisher = {University of Padova},
   title = {On weakly imposed boundary conditions for second order problems},
   url = {https://research.aalto.fi/en/publications/on-weakly-imposed-boundary-conditions-for-second-order-problems},
   year = {1995},
}
@article{Chouly2016,
   
   author = {Franz Chouly and Mathieu Fabre and Patrick Hild and Rabii Mlika and Jérôme Pousin and Yves Renard},
   doi = {10.1007/978-3-319-71431-8_4},
   issn = {14397358},
   journal = {Lecture Notes in Computational Science and Engineering},
   
   month = {1},
   pages = {93-141},
   publisher = {Springer},
   title = {An overview of recent results on Nitsche's method for contact problems},
   volume = {121},
   url = {https://hal.science/hal-01403003 https://hal.science/hal-01403003/document},
   year = {2016},
}
@article{Logg2012,
   author = {Anders Logg and Kent Andre Mardal and Garth N. Wells},
   doi = {10.1007/978-3-642-23099-8_1},
   isbn = {9783642230981},
   issn = {14397358},
   journal = {Lecture Notes in Computational Science and Engineering},
   pages = {1-736},
   title = {Automated solution of differential equations by the finite element method},
   volume = {84 LNCSE},
   year = {2012},
}
@article{Benzaken2022,
   
   author = {Joseph Benzaken and John A. Evans and Rasmus Tamstorf},
   
   month = {3},
   title = {Constructing Nitsche's method for variational problems},
   url = {https://arxiv.org/abs/2203.02603v1},
   year = {2022},
}
@article{Vaaland2021,
   
   author = {Vegard Vaaland¨oztan and Vaaland¨ Vaaland¨oztan},
   
   month = {6},
   publisher = {The University of Bergen},
   title = {Image-Derived Forces in an Elastic Image Registration Model},
   url = {https://bora.uib.no/bora-xmlui/handle/11250/2761234},
   year = {2021},
}
@article{Bergmann2022,
   
   author = {Julius Bergmann},
   
   month = {4},
   publisher = {I2M - Institut de Mathématiques de Marseille},
   title = {Investigation of mixing and particle transport in 2D incompressible Euler flows using the characteristic mapping method},
   url = {https://hal.science/tel-03812702 https://hal.science/tel-03812702/document},
   year = {2022},
}
@article{Taddei2023,
   author = {Tommaso Taddei},
   journal = {SIAM},
   title = {Compositional maps for registration in complex geometries},
   year = {2023},
}
@article{Taddei2019,
   
   author = {Tommaso Taddei},
   doi = {10.1137/19M1271270},
   issn = {10957197},
   issue = {2},
   journal = {SIAM Journal on Scientific Computing},
   
   month = {6},
   pages = {A997-A1027},
   publisher = {Society for Industrial and Applied Mathematics Publications},
   title = {A registration method for model order reduction: data compression and geometry reduction},
   volume = {42},
   url = {https://arxiv.org/abs/1906.11008v2},
   year = {2019},
}
@article{Persson2006,
   
   author = {Pen Olof Persson and Gilbert Strang},
   doi = {10.1137/S0036144503429121},
   issn = {00361445},
   issue = {2},
   journal = {https://doi.org/10.1137/S0036144503429121},
   
   month = {8},
   pages = {329-345},
   publisher = {Society for Industrial and Applied Mathematics},
   title = {A Simple Mesh Generator in MATLAB},
   volume = {46},
   url = {https://epubs.siam.org/doi/10.1137/S0036144503429121},
   year = {2006},
}
@article{Taddei2022,
   author = {Tommaso Taddei},
   isbn = {2211.10275v1},
   journal = {International Journal of Numerical Methods in Engineering},
   month = {11},
   title = {An optimization-based registration approach to geometry reduction},
   url = {https://arxiv.org/abs/2211.10275v1},
   year = {2022},
}
@article{Cannarsa2019,
   author = {P. Cannarsa and G. Floridia and F. Gölgeleyen and M. Yamamoto},
   doi = {10.1088/1361-6420/AB1C69},
   issn = {0266-5611},
   issue = {10},
   journal = {Inverse Problems},
   
   month = {9},
   pages = {105013},
   publisher = {IOP Publishing},
   title = {Inverse coefficient problems for a transport equation by local Carleman estimate},
   volume = {35},
   url = {https://iopscience.iop.org/article/10.1088/1361-6420/ab1c69 https://iopscience.iop.org/article/10.1088/1361-6420/ab1c69/meta},
   year = {2019},
}
@article{Floridia2021,
   
   author = {Giuseppe Floridia and Hiroshi Takase},
   doi = {10.1016/J.JDE.2021.10.007},
   issn = {0022-0396},
   journal = {Journal of Differential Equations},
   
   month = {12},
   pages = {45-71},
   publisher = {Academic Press},
   title = {Inverse problems for first-order hyperbolic equations with time-dependent coefficients},
   volume = {305},
   year = {2021},
}
@article{Daveau2009,
   author = {Christian Daveau and Abdessatar Khelifi},
   
   month = {12},
   title = {On a hyperbolic coefficient inverse problem via partial dynamic boundary measurements},
   url = {https://arxiv.org/abs/0912.1123v1},
   year = {2009},
}
@article{Lassas2018,
   
   author = {Matti Lassas},
   doi = {10.1142/9789813272880_0199},
   isbn = {9789813272934},
   journal = {Proceedings of the International Congress of Mathematicians, ICM 2018},
   
   pages = {3769-3790},
   publisher = {World Scientific Publishing Co Pte Ltd},
   title = {Inverse problems for linear and non-linear hyperbolic equations},
   volume = {4},
   year = {2018},
}

@article{Nave2010,
   
   author = {Jean Christophe Nave and Rodolfo Ruben Rosales and Benjamin Seibold},
   doi = {10.1016/J.JCP.2010.01.029},
   issn = {0021-9991},
   issue = {10},
   journal = {Journal of Computational Physics},
   
   month = {5},
   pages = {3802-3827},
   publisher = {Academic Press},
   title = {A gradient-augmented level set method with an optimally local, coherent advection scheme},
   volume = {229},
   year = {2010},
}
@article{Yin2021,
   
   author = {Xi Yuan Yin and Olivier Mercier and Badal Yadav and Kai Schneider and Jean Christophe Nave},
   doi = {10.1016/J.JCP.2020.109781},
   issn = {0021-9991},
   journal = {Journal of Computational Physics},
   
   month = {1},
   pages = {109781},
   publisher = {Academic Press},
   title = {A Characteristic Mapping method for the two-dimensional incompressible Euler equations},
   volume = {424},
   year = {2021},
}
@article{Mercier2020,
   
   author = {Olivier Mercier and Xi Yuan Yin and Jean Christophe Nave},
   doi = {10.1137/18M1234424},
   issn = {10957197},
   issue = {3},
   journal = {https://doi.org/10.1137/18M1234424},
   
   month = {6},
   pages = {A1663-A1685},
   publisher = {Society for Industrial and Applied Mathematics},
   title = {The Characteristic Mapping Method for the Linear Advection of Arbitrary Sets},
   volume = {42},
   url = {https://epubs.siam.org/doi/10.1137/18M1234424},
   year = {2020},
}
@article{Feydy2020,
   author = {Jean Feydy},
   title = {Geometric data analysis, beyond convolutions},
   url = {https://www.jeanfeydy.com/geometric_data_analysis.pdf},
   year = {2020},
}
@article{Arsigny2006,
   
   author = {Vincent Arsigny and Olivier Commowick and Xavier Pennec and Nicholas Ayache},
   doi = {10.1007/11866565_113/COVER},
   isbn = {3540447075},
   issn = {16113349},
   journal = {Lecture Notes in Computer Science (including subseries Lecture Notes in Artificial Intelligence and Lecture Notes in Bioinformatics)},
   pages = {924-931},
   pmid = {17354979},
   publisher = {Springer Verlag},
   title = {A log-euclidean framework for statistics on diffeomorphisms},
   volume = {4190 LNCS },
   url = {https://link.springer.com/chapter/10.1007/11866565_113},
   year = {2006},
}
@article{Pennec2020,
   
   author = {Xavier Pennec and Stefan Sommer and Tom Fletcher},
   doi = {10.1016/C2017-0-01561-6},
   isbn = {9780128147252},
   journal = {Riemannian Geometric Statistics in Medical Image Analysis},
   month = {1},
   pages = {1-614},
   publisher = {Elsevier},
   title = {Riemannian Geometric Statistics in Medical Image Analysis},
   year = {2020},
}
@article{Pluim2003,
   
   author = {Josien P.W. Pluim and J. B.A.Antoine Maintz and Max A. Viergever},
   doi = {10.1109/TMI.2003.815867},
   issn = {0278-0062},
   issue = {8},
   journal = {IEEE transactions on medical imaging},
   
   month = {8},
   pages = {986-1004},
   pmid = {12906253},
   publisher = {IEEE Trans Med Imaging},
   title = {Mutual-information-based registration of medical images: a survey},
   volume = {22},
   url = {https://pubmed.ncbi.nlm.nih.gov/12906253/},
   year = {2003},
}
@article{Hermosillo2002,
   
   author = {Gerardo Hermosillo and Christophe Chefd and Olivier Faugeras},
   doi = {10.1023/A:1020830525823/METRICS},
   issn = {09205691},
   issue = {3},
   journal = {International Journal of Computer Vision},
   
   month = {12},
   pages = {329-343},
   publisher = {Springer},
   title = {Variational methods for multimodal image matching},
   volume = {50},
   url = {https://link.springer.com/article/10.1023/A:1020830525823},
   year = {2002},
}
@article{Feydy2017,
   
   author = {Jean Feydy and Benjamin Charlier and François Xavier Vialard and Gabriel Peyré},
   doi = {10.1007/978-3-319-66182-7_34},
   isbn = {9783319661810},
   issn = {16113349},
   journal = {Lecture Notes in Computer Science (including subseries Lecture Notes in Artificial Intelligence and Lecture Notes in Bioinformatics)},
   month = {6},
   pages = {291-299},
   publisher = {Springer Verlag},
   title = {Optimal Transport for Diffeomorphic Registration},
   volume = {10433 LNCS},
   url = {https://arxiv.org/abs/1706.05218v1},
   year = {2017},
}
@article{Rada2013,
   author = {Lavdie Rada},
   title = {Variational models and numerical algorithms for selective image segmentation},
   year = {2013},
}
@article{Cahil2007,
   
   author = {Nathan D. Cahil and J. Alison Noble and David J. Hawkes},
   doi = {10.1109/CVPR.2007.383424},
   isbn = {1424411807},
   issn = {10636919},
   journal = {Proceedings of the IEEE Computer Society Conference on Computer Vision and Pattern Recognition},
   title = {Fourier methods for nonparametric image registration},
   year = {2007},
}
@article{Rueckert1999,
   
   author = {D. Rueckert},
   doi = {10.1109/42.796284},
   issn = {02780062},
   issue = {8},
   journal = {IEEE Transactions on Medical Imaging},
   pages = {712-721},
   pmid = {10534053},
   publisher = {Institute of Electrical and Electronics Engineers Inc.},
   title = {Nonrigid registration using free-form deformations: Application to breast mr images},
   volume = {18},
   year = {1999},
}
@article{Camion2001,
   
   author = {Vincent Camion and Laurent Younes},
   doi = {10.1007/3-540-44745-8_34/COVER},
   isbn = {3540425233},
   issn = {16113349},
   journal = {Lecture Notes in Computer Science (including subseries Lecture Notes in Artificial Intelligence and Lecture Notes in Bioinformatics)},
   pages = {523-527},
   publisher = {Springer Verlag},
   title = {Geodesic interpolating splines},
   volume = {2134},
   url = {https://link.springer.com/chapter/10.1007/3-540-44745-8_34},
   year = {2001},
}
@article{Bookstein1989,
   
   author = {Fred L. Bookstein},
   doi = {10.1109/34.24792},
   issn = {01628828},
   issue = {6},
   journal = {IEEE Transactions on Pattern Analysis and Machine Intelligence},
   
   pages = {567-585},
   title = {Principal Warps: Thin-Plate Splines and the Decomposition of Deformations},
   volume = {11},
   year = {1989},
}
@article{Shen2002,
   
   author = {Dinggang Shen and Christos Davatzikos},
   doi = {10.1109/TMI.2002.803111},
   issn = {0278-0062},
   issue = {11},
   journal = {IEEE Transactions on Medical Imaging},
   
   month = {11},
   pages = {1421-1439},
   pmid = {12575879},
   title = {HAMMER: hierarchical attribute matching mechanism for elastic registration.},
   volume = {21},
   url = {https://europepmc.org/article/MED/12575879},
   year = {2002},
}
@article{Klein2010,
   
   author = {Stefan Klein and Marius Staring and Keelin Murphy and Max A. Viergever and Josien P.W. Pluim},
   doi = {10.1109/TMI.2009.2035616},
   issn = {1558-254X},
   issue = {1},
   journal = {IEEE transactions on medical imaging},
   
   month = {1},
   pages = {196-205},
   pmid = {19923044},
   publisher = {IEEE Trans Med Imaging},
   title = {elastix: a toolbox for intensity-based medical image registration},
   volume = {29},
   url = {https://pubmed.ncbi.nlm.nih.gov/19923044/},
   year = {2010},
}
@article{Ou2011,
   
   author = {Yangming Ou and Aristeidis Sotiras and Nikos Paragios and Christos Davatzikos},
   doi = {10.1016/J.MEDIA.2010.07.002},
   issn = {1361-8415},
   issue = {4},
   journal = {Medical Image Analysis},
   
   month = {8},
   pages = {622-639},
   pmid = {20688559},
   publisher = {Elsevier},
   title = {DRAMMS: Deformable registration via attribute matching and mutual-saliency weighting},
   volume = {15},
   year = {2011},
}
@article{Wang2019,
   
   author = {Jian Wang and Wei Xing and Robert M. Kirby and Miaomiao Zhang},
   doi = {10.1007/978-3-030-20351-1_54/FIGURES/5},
   isbn = {9783030203504},
   issn = {16113349},
   journal = {Lecture Notes in Computer Science (including subseries Lecture Notes in Artificial Intelligence and Lecture Notes in Bioinformatics)},
   pages = {694-705},
   publisher = {Springer Verlag},
   title = {Data-Driven Model Order Reduction for Diffeomorphic Image Registration},
   volume = {11492 LNCS},
   url = {https://link.springer.com/chapter/10.1007/978-3-030-20351-1_54},
   year = {2019},
}
@article{Gaudfernau2022,
   
   author = {Fleur Gaudfernau and Eléonore Blondiaux and Stéphanie Allassonnière and Erwan Le Pennec and Erwan Le and Pennec Wavelet-Based and Stéphanie Allassonnì Ere},
   doi = {10.13039/501100001665},
   
   month = {3},
   title = {Wavelet-Based Multiscale Initial Flow For Improved Atlas Estimation in the Large Diffeomorphic Deformation Model Framework},
   url = {https://hal.science/hal-03620367 https://hal.science/hal-03620367/document},
   year = {2022},
}
@article{Christensen1996,
   
   author = {Gary E. Christensen and Richard D. Rabbitt and Michael I. Miller},
   doi = {10.1109/83.536892},
   issn = {10577149},
   issue = {10},
   journal = {IEEE Transactions on Image Processing},
   pages = {1435-1447},
   title = {Deformable templates using large deformation kinematics},
   volume = {5},
   year = {1996},
}
@article{Fondanèche2021,
   author = {Antoine Fondanèche},
   
   month = {9},
   publisher = {Université de Bordeaux},
   title = {Interaction fluide-structure dans un dispositif vasculaire actif},
   url = {https://theses.hal.science/tel-03374762 https://theses.hal.science/tel-03374762/document},
   year = {2021},
}
@article{Wang2019,
   
   author = {Yu Wang and Justin Solomon},
   doi = {10.1016/BS.HNA.2019.08.003},
   isbn = {9780444641403},
   issn = {1570-8659},
   journal = {Handbook of Numerical Analysis},
   
   month = {1},
   pages = {41-115},
   publisher = {Elsevier},
   title = {Intrinsic and extrinsic operators for shape analysis},
   volume = {20},
   year = {2019},
}
@article{Wu2020,
   
   author = {Hao Wu and Frank Noé},
   doi = {10.1007/S00332-019-09567-Y/FIGURES/9},
   issn = {14321467},
   issue = {1},
   journal = {Journal of Nonlinear Science},
   
   month = {2},
   pages = {23-66},
   publisher = {Springer},
   title = {Variational Approach for Learning Markov Processes from Time Series Data},
   volume = {30},
   url = {https://link.springer.com/article/10.1007/s00332-019-09567-y},
   year = {2020},
}
@article{Klus2019,
   
   author = {Stefan Klus and Brooke E. Husic and Mattes Mollenhauer and Frank Noé},
   doi = {10.1063/1.5100267},
   issue = {12},
   journal = {Chaos},
   month = {4},
   publisher = {American Institute of Physics Inc.},
   title = {Kernel methods for detecting coherent structures in dynamical data},
   volume = {29},
   url = {http://arxiv.org/abs/1904.07752 http://dx.doi.org/10.1063/1.5100267},
   year = {2019},
}
@article{Risser2011,
   
   author = {Laurent Risser and François Xavier Vialard and Robin Wolz and Maria Murgasova and Darryl D. Holm and Daniel Rueckert},
   doi = {10.1109/TMI.2011.2146787},
   issn = {02780062},
   issue = {10},
   journal = {IEEE Transactions on Medical Imaging},
   
   month = {10},
   pages = {1746-1759},
   pmid = {21521665},
   title = {Simultaneous multi-scale registration using large deformation diffeomorphic metric mapping},
   volume = {30},
   year = {2011},
}
@article{Ashburner2011,
   author = {John Ashburner and Karl J Friston},
   doi = {10.1016/j.neuroimage.2010.12.049},
   
   title = {Diffeomorphic registration using geodesic shooting and Gauss-Newton optimisation},
   year = {2011},
}
@article{Beg2005,
   
   author = {M. Faisal Beg and Michael I. Miller and Alain Trouvé and Laurent Younes},
   doi = {10.1023/B:VISI.0000043755.93987.AA/METRICS},
   issn = {09205691},
   issue = {2},
   journal = {International Journal of Computer Vision},
   
   month = {2},
   pages = {139-157},
   publisher = {Springer},
   title = {Computing large deformation metric mappings via geodesic flows of diffeomorphisms},
   volume = {61},
   url = {https://link.springer.com/article/10.1023/B:VISI.0000043755.93987.aa},
   year = {2005},
}
@article{Trouve1998DiffGroup,
   
   author = {Alain Trouvé},
   doi = {10.1023/A:1008001603737/METRICS},
   issn = {09205691},
   issue = {3},
   journal = {International Journal of Computer Vision},
   
   pages = {213-221},
   publisher = {Springer Netherlands},
   title = {Diffeomorphisms Groups and Pattern Matching in Image Analysis},
   volume = {28},
   url = {https://link.springer.com/article/10.1023/A:1008001603737},
   year = {1998},
}
@article{Sotiras2012,
   
   author = {Aristeidis Sotiras and Christos Davatzikos and Nikos Paragios},
   
   month = {9},
   publisher = {INRIA},
   title = {Deformable Medical Image Registration: A Survey},
   url = {https://inria.hal.science/hal-00684715 https://inria.hal.science/hal-00684715/document},
   year = {2012},
}
@article{Carlberg2013,
   
   author = {Kevin Carlberg and Charbel Farhat and Julien Cortial and David Amsallem},
   doi = {10.1016/J.JCP.2013.02.028},
   issn = {0021-9991},
   journal = {Journal of Computational Physics},
   
   month = {6},
   pages = {623-647},
   publisher = {Academic Press},
   title = {The GNAT method for nonlinear model reduction: Effective implementation and application to computational fluid dynamics and turbulent flows},
   volume = {242},
   year = {2013},
}
@article{Cho2020,
   
   author = {Haeseong Cho and Sang Joon Shin and Haedong Kim and Maenghyo Cho},
   doi = {10.1007/S00466-019-01771-7/FIGURES/20},
   issn = {14320924},
   issue = {2},
   journal = {Computational Mechanics},
   
   month = {2},
   pages = {331-353},
   publisher = {Springer},
   title = {Enhanced model-order reduction approach via online adaptation for parametrized nonlinear structural problems},
   volume = {65},
   url = {https://link.springer.com/article/10.1007/s00466-019-01771-7},
   year = {2020},
}
@article{Washabaugh2014,
   
   author = {Kyle Washabaugh and Charbel Farhat},
   doi = {10.2514/6.2014-3169},
   isbn = {9781624102882},
   journal = {32nd AIAA Applied Aerodynamics Conference},
   publisher = {American Institute of Aeronautics and Astronautics Inc.},
   title = {Enforcing boundary conditions for discrete nonlinear aerodynamic reduced-order models},
   url = {https://arc.aiaa.org/doi/10.2514/6.2014-3169},
   year = {2014},
}
@article{Marsden1982,
   
   author = {Jerrold E. Marsden and Thomas J. R. Hughes and D. E. Carlson},
   doi = {10.1115/1.3167757},
   issn = {0021-8936},
   issue = {4},
   journal = {Journal of Applied Mechanics},
   month = {12},
   pages = {946-946},
   publisher = {ASME International},
   title = {Mathematical foundations of elasticity},
   volume = {51},
   year = {1982},
}
@article{Guermond2011,
   
   author = {Jean Luc Guermond and Richard Pasquetti and Bojan Popov},
   doi = {10.1016/J.JCP.2010.11.043},
   issn = {0021-9991},
   issue = {11},
   journal = {Journal of Computational Physics},
   
   month = {5},
   pages = {4248-4267},
   publisher = {Academic Press},
   title = {Entropy viscosity method for nonlinear conservation laws},
   volume = {230},
   year = {2011},
}
@article{Cui2019,
   
   author = {Li Cui and Xin Qi and Chengfeng Wen and Na Lei and Xinyuan Li and Min Zhang and Xianfeng Gu},
   doi = {10.1016/J.CAD.2019.05.024},
   issn = {0010-4485},
   journal = {Computer-Aided Design},
   
   month = {10},
   pages = {181-193},
   publisher = {Elsevier},
   title = {Spherical optimal transportation},
   volume = {115},
   year = {2019},
}
@article{Zimmermann2018,
   
   author = {Ralf Zimmermann and Benjamin Peherstorfer and Karen Willcox},
   doi = {10.1137/17M1123286},
   issn = {0895-4798},
   issue = {1},
   journal = {SIAM Journal on Matrix Analysis and Applications},
   
   pages = {234-261},
   publisher = {Society for Industrial and Applied Mathematics Publications},
   title = {Geometric subspace updates with applications to online adaptive nonlinear model reduction},
   volume = {39},
   url = {https://nyuscholars.nyu.edu/en/publications/geometric-subspace-updates-with-applications-to-online-adaptive-n},
   year = {2018},
}
@article{Friderikos2022,
   
   author = {Orestis Friderikos and Emmanuel Baranger and Marc Olive and David Neron},
   doi = {10.1007/S00466-022-02163-0/FIGURES/21},
   issn = {14320924},
   issue = {1},
   journal = {Computational Mechanics},
   
   month = {7},
   pages = {181-204},
   publisher = {Springer Science and Business Media Deutschland GmbH},
   title = {On the stability of POD basis interpolation on Grassmann manifolds for parametric model order reduction},
   volume = {70},
   url = {https://link.springer.com/article/10.1007/s00466-022-02163-0},
   year = {2022},
}
@book{McMullen2013,
   author = {C. McMullen},
   title = {Topology},
   year = {2013},
}
@article{Ferrero2022,
   
   author = {Andrea Ferrero and Tommaso Taddei and Lei Zhang},
   doi = {10.1016/J.JCP.2022.111068},
   issn = {0021-9991},
   journal = {Journal of Computational Physics},
   
   month = {5},
   pages = {111068},
   publisher = {Academic Press},
   title = {Registration-based model reduction of parameterized two-dimensional conservation laws},
   volume = {457},
   year = {2022},
}
@article{Gonzalez2022,
   
   author = {Cody Gonzalez and Haithem E. Taha},
   doi = {10.1017/JFM.2022.348},
   issn = {0022-1120},
   journal = {Journal of Fluid Mechanics},
   
   month = {6},
   pages = {A58},
   publisher = {Cambridge University Press},
   title = {A variational theory of lift},
   volume = {941},
   url = {https://www.cambridge.org/core/journals/journal-of-fluid-mechanics/article/variational-theory-of-lift/A8F0A5954BCE9BD9D42BF34482E9251D},
   year = {2022},
}
@article{Bistafa2023,
   author = {Sylvio R Bistafa and Sbistafa@usp Br},
   doi = {10.48550/arxiv.2302.14716},
   
   month = {2},
   title = {Lagrangians for variational formulations of the Navier-Stokes equation},
   url = {https://arxiv.org/abs/2302.14716v1},
   year = {2023},
}
@article{Taha2021,
   
   author = {Haithem E. Taha and Cody Gonzalez},
   doi = {10.48550/arxiv.2112.12261},
   month = {12},
   title = {What Does Nature Minimize In Every Incompressible Flow?},
   url = {https://arxiv.org/abs/2112.12261v4},
   year = {2021},
}
@article{Mojgani2021,
   
   author = {Rambod Mojgani and Maciej Balajewicz},
   doi = {10.1609/AAAI.V35I1.16116},
   isbn = {9781713835974},
   issn = {2374-3468},
   issue = {1},
   journal = {Proceedings of the AAAI Conference on Artificial Intelligence},
   
   month = {5},
   pages = {399-407},
   publisher = {Association for the Advancement of Artificial Intelligence},
   title = {Low-Rank Registration Based Manifolds for Convection-Dominated PDEs},
   volume = {35},
   url = {https://ojs.aaai.org/index.php/AAAI/article/view/16116},
   year = {2021},
}
@book{Isham1989,
   author = {C J Isham},
   doi = {10.1142/0894},
   isbn = {978-9971-5-0956-9},
   month = {8},
   publisher = {WORLD SCIENTIFIC},
   title = {Modern Differential Geometry for Physicists},
   volume = {32},
   url = {https://www.worldscientific.com/worldscibooks/10.1142/0894},
   year = {1989},
}
@book{Lee2012,
   author = {John M. Lee},
   city = {New York, NY},
   doi = {10.1007/978-1-4419-9982-5},
   isbn = {978-1-4419-9981-8},
   publisher = {Springer New York},
   title = {Introduction to Smooth Manifolds},
   volume = {218},
   url = {https://link.springer.com/10.1007/978-1-4419-9982-5},
   year = {2012},
}
@book{Frazier1999,
   
   author = {Frazier Micheal W.},
   doi = {10.1007/B97841},
   journal = {An Introduction to Wavelets Through Linear Algebra},
   publisher = {Springer-Verlag},
   title = {An Introduction to Wavelets Through Linear Algebra},
   year = {1999},
}
@inproceedings{Blonigan2023,
   author = {Patrick Blonigan and Tommaso Taddei and Masayuki Yano and Matthew J Zahr},
   title = {Approximation of problems with parameter-dependent discontinuities in steady aerodynamics Motivation: parametrized aerodynamics},
   year = {2023},
}
@article{Ferrero2022,
   
   author = {Andrea Ferrero and Tommaso Taddei and Lei Zhang},
   doi = {10.1016/J.JCP.2022.111068},
   issn = {0021-9991},
   journal = {Journal of Computational Physics},
   
   month = {5},
   pages = {111068},
   publisher = {Academic Press},
   title = {Registration-based model reduction of parameterized two-dimensional conservation laws},
   volume = {457},
   year = {2022},
}
@article{Angot1999,
   
   author = {Philippe Angot and Charles Henri Bruneau and Pierre Fabrie},
   doi = {10.1007/S002110050401/METRICS},
   issn = {0029599X},
   issue = {4},
   journal = {Numerische Mathematik},
   
   pages = {497-520},
   publisher = {Springer New York},
   title = {A penalization method to take into account obstacles in incompressible viscous flows},
   volume = {81},
   url = {https://link.springer.com/article/10.1007/s002110050401},
   year = {1999},
}
@article{Bishop,
   author = {Mark Bishop},
   title = {Continuous Wavelet Transform Reconstruction Factors for Selected Wavelets General Background},
}
@article{Torrence1998,
   author = {Christopher Torrence and Gilbert P. Compo and Christopher Torrence and Gilbert P. Compo},
   doi = {10.1175/1520-0477(1998)079},
   issue = {1},
   journal = {BAMS},
   pages = {61-78},
   title = {A Practical Guide to Wavelet Analysis.},
   volume = {79},
   url = {https://ui.adsabs.harvard.edu/abs/1998BAMS...79...61T/abstract},
   year = {1998},
}



@article{Myronenko2006,
   
   author = {Andriy Myronenko and Xubo Song and Migueí A Carreira-Perpiñán and Perpi˜ Perpiñán},
   journal = {Advances in Neural Information Processing Systems},
   title = {Non-rigid point set registration: Coherent Point Drift},
   volume = {19},
   year = {2006},
}
@article{Zhuang2021,
   
   author = {Xiaodong Zhuang},
   doi = {10.48550/arxiv.2110.10938},
   month = {10},
   title = {Autonomous Dimension Reduction by Flattening Deformation of Data Manifold under an Intrinsic Deforming Field},
   url = {https://arxiv.org/abs/2110.10938v1},
   year = {2021},
}
@article{Kerrache2022,
   
   author = {Said Kerrache and Yasushi Nakauchi},
   doi = {10.48550/arxiv.2206.13352},
   
   month = {6},
   title = {Constrained Mass Optimal Transport},
   url = {https://arxiv.org/abs/2206.13352v1},
   year = {2022},
}
@article{Zitova2003,
   
   author = {Barbara Zitová and Jan Flusser},
   doi = {10.1016/S0262-8856(03)00137-9},
   issn = {0262-8856},
   issue = {11},
   journal = {Image and Vision Computing},
   
   month = {10},
   pages = {977-1000},
   publisher = {Elsevier},
   title = {Image registration methods: a survey},
   volume = {21},
   year = {2003},
}
@article{Solomon2018,
   
   author = {Justin Solomon},
   doi = {10.48550/arxiv.1801.07745},
   month = {1},
   pages = {103-140},
   title = {Optimal Transport on Discrete Domains},
   url = {https://arxiv.org/abs/1801.07745v2},
   year = {2018},
}
@article{Lorenzi2016,
   
   author = {Stefano Lorenzi and Antonio Cammi and Lelio Luzzi and Gianluigi Rozza},
   doi = {10.1016/J.CMA.2016.08.006},
   issn = {0045-7825},
   journal = {Computer Methods in Applied Mechanics and Engineering},
   
   month = {11},
   pages = {151-179},
   publisher = {North-Holland},
   title = {POD-Galerkin method for finite volume approximation of Navier–Stokes and RANS equations},
   volume = {311},
   year = {2016},
}
@article{Lorenzi2016,
   
   author = {Stefano Lorenzi and Antonio Cammi and Lelio Luzzi and Gianluigi Rozza},
   doi = {10.1016/J.CMA.2016.08.006},
   issn = {0045-7825},
   journal = {Computer Methods in Applied Mechanics and Engineering},
   
   month = {11},
   pages = {151-179},
   publisher = {North-Holland},
   title = {POD-Galerkin method for finite volume approximation of Navier–Stokes and RANS equations},
   volume = {311},
   year = {2016},
}
@article{Barrault2004,
   
   author = {Maxime Barrault and Yvon Maday and Ngoc Cuong Nguyen and Anthony T. Patera},
   doi = {10.1016/J.CRMA.2004.08.006},
   issn = {1631-073X},
   issue = {9},
   journal = {Comptes Rendus Mathematique},
   month = {11},
   pages = {667-672},
   publisher = {No longer published by Elsevier},
   title = {An ‘empirical interpolation’ method: application to efficient reduced-basis discretization of partial differential equations},
   volume = {339},
   year = {2004},
}
@article{Hijazi2020,
   
   author = {Saddam Hijazi and Giovanni Stabile and Andrea Mola and Gianluigi Rozza},
   doi = {10.1016/J.JCP.2020.109513},
   issn = {0021-9991},
   journal = {Journal of Computational Physics},
   
   month = {9},
   pages = {109513},
   publisher = {Academic Press},
   title = {Data-driven POD-Galerkin reduced order model for turbulent flows},
   volume = {416},
   year = {2020},
}
@article{Robbin2022,
   author = {Joel W. Robbin and Dietmar A. Salamon},
   doi = {10.1007/978-3-662-64340-2},
   journal = {Introduction to Differential Geometry},
   publisher = {Springer Berlin Heidelberg},
   title = {Introduction to Differential Geometry},
   year = {2022},
}
@article{Willcox2012,
   
   author = {K. Willcox and J. Peraire},
   doi = {10.2514/2.1570},
   issn = {00011452},
   issue = {11},
   journal = {https://doi.org/10.2514/2.1570},
   
   month = {5},
   pages = {2323-2330},
   publisher = {American Inst. Aeronautics and Astronautics Inc.},
   title = {Balanced Model Reduction via the Proper Orthogonal Decomposition},
   volume = {40},
   url = {https://arc.aiaa.org/doi/10.2514/2.1570},
   year = {2012},
}
@article{Hesthaven2015,
   
   author = {Jan S. Hesthaven and Gianluigi Rozza and Benjamin Stamm},
   doi = {10.1007/978-3-319-22470-1/COVER},
   isbn = {9783319224701},
   journal = {Certified Reduced Basis Methods for Parametrized Partial Differential Equations},
   month = {8},
   pages = {1-131},
   publisher = {Springer International Publishing},
   title = {Certified Reduced Basis Methods for Parametrized Partial Differential Equations},
   year = {2015},
}
@article{Delon2020,
   
   author = {Julie Delon and Agnès Desolneux},
   doi = {10.1137/19M1301047},
   issn = {19364954},
   issue = {2},
   journal = {https://doi.org/10.1137/19M1301047},
   
   month = {6},
   pages = {936-970},
   publisher = {Society for Industrial and Applied Mathematics},
   title = {A Wasserstein-Type Distance in the Space of Gaussian Mixture Models},
   volume = {13},
   url = {https://epubs.siam.org/doi/10.1137/19M1301047},
   year = {2020},
}
@article{Chen2018,
   
   author = {Yifan Chen and Wuchen Li},
   doi = {10.48550/arxiv.1805.08380},
   issn = {2511249X},
   issue = {1},
   journal = {Information Geometry},
   
   month = {5},
   publisher = {Springer},
   title = {Optimal transport natural gradient for statistical manifolds with continuous sample space},
   volume = {3},
   url = {https://arxiv.org/abs/1805.08380v4},
   year = {2018},
}
@article{Berlin2008,
   author = {Springer Berlin and Heidelberg Newyork and Hong Kong and London Milan and Paris Tokyo},
   title = {Optimal transport, old and new},
   year = {2008},
}
@article{VILLANI2021,
   author = {CEDRIC. VILLANI},
   isbn = {978-1-4704-6726-5},
   publisher = {AMER MATHEMATICAL SOCIETY},
   title = {TOPICS IN OPTIMAL TRANSPORTATION.},
   year = {2021},
}
@article{Farge1992,
   
   author = {Marie Farge and Farge and Marie},
   doi = {10.1146/ANNUREV.FL.24.010192.002143},
   issn = {0066-4189},
   issue = {1},
   journal = {AnRFM},
   
   month = {1},
   pages = {395-457},
   publisher = {Annual Reviews},
   title = {Wavelet transforms and their applications to turbulence},
   volume = {24},
   url = {https://ui.adsabs.harvard.edu/abs/1992AnRFM..24..395F/abstract},
   year = {1992},
}
@article{Mallat2008,
   
   author = {Stephane Mallat},
   doi = {10.1016/B978-0-12-374370-1.X0001-8},
   isbn = {9780080922027},
   journal = {A Wavelet Tour of Signal Processing: The Sparse Way},
   month = {12},
   pages = {1-805},
   publisher = {Elsevier},
   title = {A Wavelet Tour of Signal Processing: The Sparse Way},
   year = {2008},
}
@article{Daubechies1992,
   
   author = {Ingrid Daubechies},
   doi = {10.1137/1.9781611970104},
   journal = {Ten Lectures on Wavelets},
   month = {1},
   publisher = {Society for Industrial and Applied Mathematics},
   title = {Ten Lectures on Wavelets},
   year = {1992},
}
@article{Ososkov2000,
   
   author = {G. Ososkov and A. Shitov},
   doi = {10.1016/S0010-4655(99)00227-1},
   issn = {0010-4655},
   issue = {1-2},
   journal = {Computer Physics Communications},
   month = {4},
   pages = {149-157},
   publisher = {North-Holland},
   title = {Gaussian wavelet features and their applications for analysis of discretized signals},
   volume = {126},
   year = {2000},
}
@article{Takatsu2011,
   
   author = {Asuka Takatsu},
   doi = {10.2969/ASPM/05710463},
   issn = {00306126},
   issue = {4},
   journal = {Osaka Journal of Mathematics},
   month = {12},
   pages = {1005-1026},
   title = {Wasserstein geometry of Gaussian measures},
   volume = {48},
   year = {2011},
}
@article{Bazaz2012,
   
   author = {Mohammad Abid Bazaz and Mashuq-Un-Nabi and S. Janardhanan},
   doi = {10.1109/ISPCC.2012.6224356},
   isbn = {9781467313179},
   journal = {2012 IEEE International Conference on Signal Processing, Computing and Control, ISPCC 2012},
   title = {A review of parametric model order reduction techniques},
   year = {2012},
}
@article{Benamou2000,
   
   author = {Jean David Benamou and Yann Brenier},
   doi = {10.1007/S002110050002},
   issn = {0029599X},
   issue = {3},
   journal = {undefined},
   pages = {375-393},
   publisher = {Springer New York},
   title = {A computational fluid mechanics solution to the Monge-Kantorovich mass transfer problem},
   volume = {84},
   year = {2000},
}
@misc{Feydy2016,
   author = {Jean Feydy and Basile Coron and Arnaud Eteve and Paul Fraux and Vadim Lebovici and Robin Lemaire and Yohan Mandin-Huble and Nicolas Masson and Pascal Millet and Manolis Perrot and Eva Philippe and Arthur Touati and Lino Benedetto and Raphaël Barboni and Valentin Carlier and Louis-Pierre Chaintron and Léo Hahn Lecler and Massil Hihat and Emmanuel Kammerer and Antoine Le Calvez and Grégoire Macqueron and Luc Pointurier and Lucas Rey and Maxime Sylvestre and Ivan Yakovlev},
   title = {Introduction à la Géométrie Riemannienne par l'étude des Espaces de Formes},
   year = {2016},
}
@article{Taddei2021,
   
   author = {Tommaso Taddei and Lei Zhang},
   doi = {10.1051/M2AN/2020073},
   issn = {28047214},
   issue = {1},
   journal = {ESAIM: Mathematical Modelling and Numerical Analysis},
   
   month = {1},
   pages = {99-130},
   publisher = {EDP Sciences},
   title = {Space-time registration-based model reduction of parameterized one-dimensional hyperbolic PDEs},
   volume = {55},
   url = {https://hal.archives-ouvertes.fr/hal-03146217 https://hal.archives-ouvertes.fr/hal-03146217/document},
   year = {2021},
}
@article{Baur2017,
   
   author = {Ulrike Baur and Peter Benner and Bernard Haasdonk and Christian Himpe and Immanuel Martini and Mario Ohlberger},
   doi = {10.1137/1.9781611974829.CH9},
   journal = {Model Reduction and Approximation},
   month = {7},
   pages = {377-407},
   publisher = {Society for Industrial and Applied Mathematics},
   title = {Chapter 9: Comparison of Methods for Parametric Model Order Reduction of Time-Dependent Problems},
   year = {2017},
}
@article{Zickert2019,
   
   author = {Gustav Zickert and Can Evren and Yarman Schlumberger and Cambridge Research},
   doi = {10.48550/arxiv.1909.00367},
   issn = {18631711},
   issue = {2},
   journal = {Signal, Image and Video Processing},
   
   month = {9},
   pages = {429-436},
   publisher = {Springer Science and Business Media Deutschland GmbH},
   title = {Gaussian mixture model decomposition of multivariate signals},
   volume = {16},
   url = {https://arxiv.org/abs/1909.00367v2},
   year = {2019},
}
@article{Iollo2014,
   
   author = {Angelo Iollo and Damiano Lombardi},
   doi = {10.1103/PHYSREVE.89.022923/FIGURES/17/MEDIUM},
   issn = {15502376},
   issue = {2},
   journal = {Physical Review E - Statistical, Nonlinear, and Soft Matter Physics},
   month = {2},
   pages = {022923},
   publisher = {American Physical Society},
   title = {Advection modes by optimal mass transfer},
   volume = {89},
   url = {https://journals.aps.org/pre/abstract/10.1103/PhysRevE.89.022923},
   year = {2014},
}
@article{Myronenko2010,
   
   author = {Andriy Myronenko and Xubo Song},
   doi = {10.1109/TPAMI.2010.46},
   issn = {01628828},
   issue = {12},
   journal = {IEEE Transactions on Pattern Analysis and Machine Intelligence},
   
   pages = {2262-2275},
   title = {Point set registration: Coherent point drifts},
   volume = {32},
   year = {2010},
}
@article{Dziedziech2014,
   
   author = {K. Dziedziech and W. J. Staszewski and T. Uhl},
   doi = {10.1155/2014/502762},
   issn = {10709622},
   journal = {Shock and Vibration},
   publisher = {Hindawi Limited},
   title = {Wavelet-based frequency response function: Comparative study of input excitation},
   volume = {2014},
   year = {2014},
}
@article{Rinoshika2020,
   
   author = {Akira Rinoshika and Hiroka Rinoshika},
   doi = {10.1016/J.TAML.2020.01.017},
   issn = {2095-0349},
   issue = {2},
   journal = {Theoretical and Applied Mechanics Letters},
   
   month = {1},
   pages = {98-115},
   publisher = {Elsevier},
   title = {Application of multi-dimensional wavelet transform to fluid mechanics},
   volume = {10},
   year = {2020},
}
@article{Bulusu2015,
   
   author = {Kartik V. Bulusu and Michael W. Plesniak},
   doi = {10.3390/E17106617},
   issn = {1099-4300},
   issue = {10},
   journal = {Entropy 2015, Vol. 17, Pages 6617-6642},
   
   month = {9},
   pages = {6617-6642},
   publisher = {Multidisciplinary Digital Publishing Institute},
   title = {Shannon Entropy-Based Wavelet Transform Method for Autonomous Coherent Structure Identification in Fluid Flow Field Data},
   volume = {17},
   url = {https://www.mdpi.com/1099-4300/17/10/6617/htm https://www.mdpi.com/1099-4300/17/10/6617},
   year = {2015},
}
@article{Camussi1997,
   
   author = {R. Camussi and G. Guj},
   doi = {10.1017/S0022112097006551},
   issn = {1469-7645},
   journal = {Journal of Fluid Mechanics},
   month = {10},
   pages = {177-199},
   publisher = {Cambridge University Press},
   title = {Orthonormal wavelet decomposition of turbulent flows: intermittency and coherent structures},
   volume = {348},
   url = {https://www.cambridge.org/core/journals/journal-of-fluid-mechanics/article/orthonormal-wavelet-decomposition-of-turbulent-flows-intermittency-and-coherent-structures/78BE32B1F6A600422C71B430F89BDBED},
   year = {1997},
}
@article{Sun2012,
   
   author = {Jingyuan Sun and Jingdai Wang and Yongrong Yang},
   doi = {10.1016/J.CES.2011.11.019},
   issn = {0009-2509},
   journal = {Chemical Engineering Science},
   
   month = {3},
   pages = {507-519},
   publisher = {Pergamon},
   title = {CFD simulation and wavelet transform analysis of vortex and coherent structure in a gas–solid fluidized bed},
   volume = {71},
   year = {2012},
}
@article{Sadler1998,
   
   author = {Brian M. Sadler and Tien Pham and Laurel C. Sadler},
   doi = {10.1121/1.423312},
   issn = {0001-4966},
   issue = {2},
   journal = {The Journal of the Acoustical Society of America},
   
   month = {7},
   pages = {955},
   publisher = {Acoustical Society of AmericaASA},
   title = {Optimal and wavelet-based shock wave detection and estimation},
   volume = {104},
   url = {https://asa.scitation.org/doi/abs/10.1121/1.423312},
   year = {1998},
}
@article{Camussi2002,
   
   author = {R. Camussi},
   doi = {10.1007/S003480200008},
   issn = {1432-1114},
   issue = {1},
   journal = {Experiments in Fluids 2002 32:1},
   
   month = {1},
   pages = {76-86},
   publisher = {Springer},
   title = {Coherent structure identification from wavelet analysis of particle image velocimetry data},
   volume = {32},
   url = {https://link.springer.com/article/10.1007/s003480200008},
   year = {2002},
}
@article{Santambrogio2015,
   author = {Filippo Santambrogio},
   city = {Cham},
   doi = {10.1007/978-3-319-20828-2},
   isbn = {978-3-319-20827-5},
   publisher = {Springer International Publishing},
   title = {Optimal Transport for Applied Mathematicians},
   volume = {87},
   url = {http://link.springer.com/10.1007/978-3-319-20828-2},
   year = {2015},
}
@article{McCann1997,
   
   author = {Robert J. McCann},
   doi = {10.1006/AIMA.1997.1634},
   issn = {0001-8708},
   issue = {1},
   journal = {Advances in Mathematics},
   month = {6},
   pages = {153-179},
   publisher = {Academic Press},
   title = {A Convexity Principle for Interacting Gases},
   volume = {128},
   year = {1997},
}
@article{Chen2017,
   
   author = {Yongxin Chen and Tryphon T. Georgiou and Allen Tannenbaum},
   doi = {10.48550/arxiv.1710.07876},
   issn = {21693536},
   journal = {IEEE Access},
   
   month = {10},
   pages = {6269-6278},
   publisher = {Institute of Electrical and Electronics Engineers Inc.},
   title = {Optimal transport for Gaussian mixture models},
   volume = {7},
   url = {https://arxiv.org/abs/1710.07876v2},
   year = {2017},
}
@article{Peyre2018,
   author = {Gabriel Peyré and Marco Cuturi},
   doi = {10.48550/arxiv.1803.00567},
   issn = {19358245},
   issue = {5-6},
   journal = {Foundations and Trends in Machine Learning},
   month = {3},
   pages = {1-257},
   publisher = {Now Publishers Inc},
   title = {Computational Optimal Transport},
   volume = {11},
   url = {https://arxiv.org/abs/1803.00567v4},
   year = {2018},
}
@article{Iollo2022,
   author = {Angelo Iollo and Tommaso Taddei},
   doi = {10.1016/J.JCP.2022.111671},
   issn = {0021-9991},
   journal = {Journal of Computational Physics},
   month = {12},
   pages = {111671},
   publisher = {Academic Press},
   title = {Mapping of coherent structures in parameterized flows by learning optimal transportation with Gaussian models},
   volume = {471},
   url = {http://arxiv.org/abs/2109.08769},
   year = {2022},
}
@article{Persson2006,
   
   author = {Per Olof Persson and Jaime Peraire},
   doi = {10.2514/6.2006-112},
   isbn = {1563478072},
   journal = {Collection of Technical Papers - 44th AIAA Aerospace Sciences Meeting},
   pages = {1408-1420},
   publisher = {American Institute of Aeronautics and Astronautics Inc.},
   title = {Sub-cell shock capturing for discontinuous Galerkin methods},
   volume = {2},
   url = {https://arc.aiaa.org/doi/10.2514/6.2006-112},
   year = {2006},
}
@article{Huerta2012,
   
   author = {A. Huerta and E. Casoni and J. Peraire},
   doi = {10.1002/FLD.2654},
   issn = {1097-0363},
   issue = {10},
   journal = {International Journal for Numerical Methods in Fluids},
   
   month = {8},
   
   pages = {1614-1632},
   publisher = {John Wiley & Sons, Ltd},
   title = {A simple shock-capturing technique for high-order discontinuous Galerkin methods},
   volume = {69},
   url = {https://onlinelibrary.wiley.com/doi/full/10.1002/fld.2654 https://onlinelibrary.wiley.com/doi/abs/10.1002/fld.2654 https://onlinelibrary.wiley.com/doi/10.1002/fld.2654},
   year = {2012},
}
@article{Lovely1999,
   
   author = {David Lovely and Robert Hairnes},
   doi = {10.2514/6.1999-3285},
   journal = {14th Computational Fluid Dynamics Conference},
   
   pages = {296-304},
   publisher = {American Institute of Aeronautics and Astronautics Inc, AIAA},
   title = {Shock detection from computational fluid dynamics results},
   url = {https://arc.aiaa.org/doi/10.2514/6.1999-3285},
   year = {1999},
}
@article{Persson2006,
   
   author = {Per Olof Persson and Jaime Peraire},
   doi = {10.2514/6.2006-112},
   isbn = {1563478072},
   journal = {Collection of Technical Papers - 44th AIAA Aerospace Sciences Meeting},
   pages = {1408-1420},
   publisher = {American Institute of Aeronautics and Astronautics Inc.},
   title = {Sub-cell shock capturing for discontinuous Galerkin methods},
   volume = {2},
   url = {https://arc.aiaa.org/doi/10.2514/6.2006-112},
   year = {2006},
}
@article{Glaubitz2019,
   
   author = {J. Glaubitz and A. C. Nogueira and J. L.S. Almeida and R. F. Cantão and C. A.C. Silva},
   doi = {10.1007/S10915-018-0850-3/FIGURES/7},
   issn = {08857474},
   issue = {1},
   journal = {Journal of Scientific Computing},
   
   month = {4},
   pages = {249-272},
   publisher = {Springer New York LLC},
   title = {Smooth and Compactly Supported Viscous Sub-cell Shock Capturing for Discontinuous Galerkin Methods},
   volume = {79},
   url = {https://link.springer.com/article/10.1007/s10915-018-0850-3},
   year = {2019},
}
@article{Yano2019,
   
   author = {Masayuki Yano and M Yano},
   doi = {10.1007/S10444-019-09710-Z},
   issn = {1572-9044},
   issue = {5},
   journal = {Advances in Computational Mathematics 2019 45:5},
   
   month = {6},
   pages = {2287-2320},
   publisher = {Springer},
   title = {Discontinuous Galerkin reduced basis empirical quadrature procedure for model reduction of parametrized nonlinear conservation laws},
   volume = {45},
   url = {https://link.springer.com/article/10.1007/s10444-019-09710-z},
   year = {2019},
}
@article{Ferrero2018,
   
   author = {Andrea Ferrero and Angelo Iollo and Francesco Larocca},
   doi = {10.1002/nme.5927},
   isbn = {2018;116:332357},
   
   title = {Global and local POD models for the prediction of compressible flows with DG methods},
   url = {https://onlinelibrary.wiley.com/doi/10.1002/nme.5927},
   year = {2018},
}
@article{Lucia2001,
   
   author = {David J. Lucia and Paul I. Kingt and Philip S. Reran and Mark E. Oxley},
   doi = {10.2514/6.2001-2602},
   journal = {15th AIAA Computational Fluid Dynamics Conference},
   
   title = {Reduced order modeling for a one-dimensional nozzle flow with moving shocks},
   year = {2001},
}
@article{Lucia2004,
   
   author = {David J. Lucia and Philip S. Beran and Walter A. Silva},
   doi = {10.1016/J.PAEROSCI.2003.12.001},
   issn = {0376-0421},
   issue = {1-2},
   journal = {Progress in Aerospace Sciences},
   
   month = {2},
   pages = {51-117},
   publisher = {Pergamon},
   title = {Reduced-order modeling: new approaches for computational physics},
   volume = {40},
   year = {2004},
}
@article{Cockburn2001,
   
   author = {Bernardo Cockburn and Chi-Wang Shu},
   doi = {10.1023/A:1012873910884},
   issn = {1573-7691},
   issue = {3},
   journal = {Journal of Scientific Computing 2001 16:3},
   
   pages = {173-261},
   publisher = {Springer},
   title = {Runge–Kutta Discontinuous Galerkin Methods for Convection-Dominated Problems},
   volume = {16},
   url = {https://link.springer.com/article/10.1023/A:1012873910884},
   year = {2001},
}